@INPROCEEDINGS{Baker83,
  author={Baker, Brenda S.},
  booktitle={24th Annual Symposium on Foundations of Computer Science (sfcs 1983)}, 
  title={Approximation algorithms for NP-complete problems on planar graphs}, 
  year={1983},
  volume={},
  number={},
  pages={265-273},
  doi={10.1109/SFCS.1983.7}}


@article{Baker94,
author = {Baker, Brenda S.},
title = {{Approximation algorithms for NP-complete problems on planar graphs}},
year = {1994},
issue_date = {Jan. 1994},
publisher = {Association for Computing Machinery},
address = {New York, NY, USA},
    volume = {41},
number = {1},
issn = {0004-5411},
url = {https://doi.org/10.1145/174644.174650},
doi = {10.1145/174644.174650},
journal = {J. ACM},
month = jan,
pages = {153–180},
numpages = {28}
}

@inproceedings{Fo12,
author = {Fomin, Fedor V. and Lokshtanov, Daniel and Saurabh, Saket},
title = {{Bidimensionality and geometric graphs}},
year = {2012},
publisher = {Society for Industrial and Applied Mathematics},
address = {USA},
booktitle = {Proceedings of the Twenty-Third Annual ACM-SIAM Symposium on Discrete Algorithms},
pages = {1563–1575},
numpages = {13},
location = {Kyoto, Japan},
series = {SODA '12}
}

@article{Lip79,
author = {Lipton, Richard J. and Tarjan, Robert Endre},
title = {A Separator Theorem for Planar Graphs},
journal = {SIAM Journal on Applied Mathematics},
volume = {36},
number = {2},
pages = {177-189},
year = {1979},
doi = {10.1137/0136016},
URL = { 
        https://doi.org/10.1137/0136016
},
eprint = { 
        https://doi.org/10.1137/0136016
}
}

@inproceedings{Dem11,
author = {Demaine, Erik D. and Hajiaghayi, Mohammad Taghi and Kawarabayashi, Ken-ichi},
title = {{Contraction decomposition in $H$-minor-free graphs and algorithmic applications}},
year = {2011},
isbn = {9781450306911},
publisher = {Association for Computing Machinery},
address = {New York, NY, USA},
url = {https://doi.org/10.1145/1993636.1993696},
doi = {10.1145/1993636.1993696},
booktitle = {Proceedings of the Forty-Third Annual ACM Symposium on Theory of Computing},
pages = {441–450},
numpages = {10},
keywords = {decomposition, graph contraction, graph minor},
location = {San Jose, California, USA},
series = {STOC '11}
}

@article{Bod16,
  author  = {Bodlaender, Hans L. and Drange, P\r{a}l Gr\'{\o}n\r{a}s and Dregi, Markus S. and Fomin, Fedor V. and Lokshtanov, Daniel and Pilipczuk, Micha\l{}},
  title   = {A $c^k n$ 5-Approximation Algorithm for Treewidth},
  journal = {SIAM Journal on Computing},
  volume  = {45},
  number  = {2},
  pages   = {317-378},
  year    = {2016},
  doi     = {10.1137/130947374}
}

@article{Bod98,
  title = {A partial k-arboretum of graphs with bounded treewidth},
  journal = {Theoretical Computer Science},
  volume = {209},
  number = {1},
  pages = {1-45},
  year = {1998},
  issn = {0304-3975},
  doi = {https://doi.org/10.1016/S0304-3975(97)00228-4},
  url = {https://www.sciencedirect.com/science/article/pii/S0304397597002284},
  author = {Hans L. Bodlaender}
}

@book{Will11,
  place     = {Cambridge},
  title     = {The Design of Approximation Algorithms},
  publisher = {Cambridge University Press},
  author    = {Williamson, David P. and Shmoys, David B.},
  year      = {2011}
}

@book{Bondy08,
  title     = {Graph Theory},
  isbn      = {9781846289705},
  issn      = {0072-5285},
  url       = {http://dx.doi.org/10.1007/978-1-84628-970-5},
  doi       = {10.1007/978-1-84628-970-5},
  journal   = {Graduate Texts in Mathematics},
  publisher = {Springer London},
  author    = {Bondy,  J. A. and Murty,  U. S. R.},
  year      = {2008}
}

@book{Cygan15,
  title     = {Parameterized Algorithms},
  author    = {Cygan, Marek and Fomin, Fedor V and Marx, Daniel and Saurabh,
               Saket and Kowalik, Lukasz and Lokshtanov, Daniel and Pilipczuk,
               Marcin},
  publisher = {Springer International Publishing},
  edition   = 1,
  month     = jul,
  year      = 2015,
  address   = {Cham, Switzerland},
  language  = {en}
}

@article{Hstad99,
  title = {Clique is hard to approximate within $n^{1-\epsilon}$},
  volume = {182},
  ISSN = {0001-5962},
  url = {http://dx.doi.org/10.1007/BF02392825},
  DOI = {10.1007/bf02392825},
  number = {1},
  journal = {Acta Mathematica},
  publisher = {International Press of Boston},
  author = {Håstad,  Johan},
  year = {1999},
  pages = {105–142}
}

@book{Ga79,
  title     = "{Computers and Intractability: A Guide to the Theory of NP-Completeness}",
  author    = "Garey, Michael R and Johnson, David S",
  publisher = "W.H. Freeman",
  month     =  apr,
  year      =  1979,
  address   = "New York, NY"
}
